@misc{rome1996,
    author    = "FAO",
    title     = "Rome Declaration on Food Security and World Food Summit
Plan of Action",
    url       = "https://www.fao.org/3/w3613e/w3613e00.htm"
}

@article{cafiero,
    author =       "Carlo Cafiero and Sara Viviani and Mark Nord",
    title =        "Food security measurement in a global context: The food insecurity experience scale",
    journal =      "Measurement",
    volume =       "116",
    pages =        "146--152",
    year =         "2018",
    DOI =          "https://doi.org/10.1016/j.measurement.2017.10.065."
}

@article{index_exp,
    author =       "Carlo Cafiero and FAO",
    title =        "Advances in hunger measurement: traditional FAO methods and recent innovations",
    journal =      "FAO Statistics Division Working Paper, Rome",
    number =       "14--04",
    year =         "2014"
}

@article{overcrowding,
    author =       "R.P. Upadhyay and C. Palanivel",
    title =        "Challenges in achieving food security in India",
    journal =      "Iranian journal of public health",
    volume =       "40",
    pages =        "31-36",
    number =       "4",
    year =         "2011"
}

@misc{pillars,
    author    = "FAO",
    title     = "Global Strategic Framework for Food Security and Nutrition (GSF)",
    url       = "https://www.fao.org/fileadmin/templates/cfs/Docs1314/GSF/GSF_Version_3_EN.pdf",
    "year"    = "2014"
}

@book{okunlaw,
    author    = "Arthur M. Okun",
    title     = "The Political Economy of Prosperity",
    year      = "1970",
    publisher = " W. W. Norton & Company",
    address   = "Washington, D.C."
}

@article{india_disparity,
    author =       "S.V. Hanagodimath",
    title =        "Spatial Income Inequalities in India: An Inter-State and Intra-State Analysis",
    journal =      "International Economic Association Online World Congress",
    year =         "2021"
}

@article{brazil,
    author =       "Rafael Pérez-Escamilla and Ana Maria Segall-Corrêa ",
    title =        "Food insecurity measurement and indicators",
    journal =      "Revista de Nutrição",
    volume =       "21",
    pages =        "15--26",
    year =         "2008"
}